@PREAMBLE{ "\newcommand{\noopsort}[1]{} " }

@Article{	  armstrong2016disparatesemanticambiguity,
  title		= {Disparate Semantic Ambiguity Effects from Semantic
		  Processing Dynamics Rather than Qualitative Task
		  Differences},
  author	= {Armstrong, Blair C. and Plaut, David C.},
  year		= {2016},
  month		= aug,
  volume	= {31},
  pages		= {940--966},
  issn		= {2327-3798},
  doi		= {10.1080/23273798.2016.1171366},
  journal	= {Language, Cognition and Neuroscience},
  number	= {7}
}

@InProceedings{	  beekhuizenwhatcompanysemantically2018,
  title		= {What {{Company Do Semantically Ambiguous Words Keep}}?
		  {{Insights}} from {{Distributional Word Vectors}}.},
  shorttitle	= {What {{Company Do Semantically Ambiguous Words Keep}}?},
  booktitle	= {{{CogSci}}},
  author	= {Beekhuizen, Barend and Milic, Sasa and Armstrong, Blair C.
		  and Stevenson, Suzanne},
  year		= {2018}
}

@Article{	  eddington2015howmeaningsimilarity,
  title		= {How Meaning Similarity Influences Ambiguous Word
		  Processing: The Current State of the Literature},
  shorttitle	= {How Meaning Similarity Influences Ambiguous Word
		  Processing},
  author	= {Eddington, Chelsea M. and Tokowicz, Natasha},
  year		= {2015},
  month		= feb,
  volume	= {22},
  pages		= {13--37},
  issn		= {1069-9384},
  doi		= {10.3758/s13423-014-0665-7},
  journal	= {Psychonomic bulletin \& review},
  number	= {1},
  pmcid		= {PMC5114844},
  pmid		= {24889119}
}

@Article{	  kleinrepresentationpolysemouswords2001,
  title		= {The {{Representation}} of {{Polysemous Words}}},
  author	= {Klein, Devorah E. and Murphy, Gregory L.},
  year		= {2001},
  month		= aug,
  volume	= {45},
  pages		= {259--282},
  issn		= {0749-596X},
  doi		= {10.1006/jmla.2001.2779},
  journal	= {Journal of Memory and Language},
  number	= {2}
}

@Article{	  laszlopspserpsapplying2014,
  title		= {{{PSPs}} and {{ERPs}}: {{Applying}} the Dynamics of
		  Post-Synaptic Potentials to Individual Units in Simulation
		  of Temporally Extended {{Event}}-{{Related Potential}}
		  Reading Data},
  shorttitle	= {{{PSPs}} and {{ERPs}}},
  author	= {Laszlo, Sarah and Armstrong, Blair C.},
  year		= {2014},
  month		= may,
  volume	= {132},
  pages		= {22--27},
  issn		= {0093-934X},
  doi		= {10.1016/j.bandl.2014.03.002},
  journal	= {Brain and Language}
}

@Article{	  searlemindsbrainsprograms1980,
  title		= {Minds, Brains, and Programs},
  author	= {Searle, John R.},
  year		= {1980},
  pages		= {417--457},
  journal	= {\& \&}
}
